 @Manual{terra,
   title = {terra: Spatial Data Analysis},
   author = {Robert J. Hijmans},
   year = {2022},
   note = {R package version 1.6-47},
   url = {https://CRAN.R-project.org/package=terra},
 }

 @Manual{glcm,
   title = {glcm: Calculate Textures from Grey-Level Co-Occurrence Matrices (GLCMs)},
   author = {Alex Zvoleff},
   year = {2020},
   note = {R package version 1.6.5},
   url = {https://CRAN.R-project.org/package=glcm},
 }
 
@Manual{RStoolbox,
   title = {RStoolbox: Tools for Remote Sensing Data Analysis},
   author = {Benjamin Leutner and Ned Horning and Jakob Schwalb-Willmann},
   year = {2022},
   note = {R package version 0.3.0},
   url = {https://CRAN.R-project.org/package=RStoolbox},
}

@Article{randomForest,
  title = {Classification and Regression by randomForest},
  author = {Andy Liaw and Matthew Wiener},
  journal = {R News},
  year = {2002},
  volume = {2},
  number = {3},
  pages = {18-22},
  url = {https://CRAN.R-project.org/doc/Rnews/},
 }
 
@Manual{Caret,
  title = {caret: Classification and Regression Training},
  author = {Max Kuhn},
  year = {2022},
  note = {R package version 6.0-93},
  url = {https://CRAN.R-project.org/package=caret},
}

@manual{doParallel,
  title = {doParallel: Foreach Parallel Adaptor for the 'parallel' Package},
  author = {Microsoft Corporation and Steve Weston},
  year = {2022},
  note = {R package version 1.0.17},
  url = {https://CRAN.R-project.org/package=doParallel},
}




